<?xml version="1.0" encoding="UTF-8"?><record xmlns="http://www.loc.gov/MARC21/slim" xmlns:cinclude="http://apache.org/cocoon/include/1.0" xmlns:zs="http://www.loc.gov/zing/srw/">
  <leader>00784nz  a2200133n  4500</leader>
  <controlfield tag="001">n 2012043032</controlfield>
  <controlfield tag="003">DLC</controlfield>
  <controlfield tag="005">20120703074807.0</controlfield>
  <controlfield tag="008">120702n| acannaabn          |n aaa      </controlfield>
  <datafield tag="010" ind1=" " ind2=" ">
    <subfield code="a">n 2012043032</subfield>
  </datafield>
  <datafield tag="040" ind1=" " ind2=" ">
    <subfield code="a">DLC</subfield>
    <subfield code="b">eng</subfield>
    <subfield code="c">DLC</subfield>
  </datafield>
  <datafield tag="100" ind1="1" ind2=" ">
    <subfield code="a">Smith, Barton.</subfield>
    <subfield code="t">Reelizations,</subfield>
    <subfield code="n">no. 1</subfield>
  </datafield>
  <datafield tag="670" ind1=" " ind2=" ">
    <subfield code="a">Smith, B. Reelizations. [1] [SR] p1980.</subfield>
  </datafield>
  <datafield tag="670" ind1=" " ind2=" ">
    <subfield code="a">Waxidermy WWW site, viewed June 19, 2012:</subfield>
    <subfield code="b">(Barton Smith, Reelizations. Bedroom electronics from a relatively unknown experimental composer on Folkways circa 1980. This one is the first of a two part "Reelizations" series. While there are a few acoustic guitar-only tracks on here, the majority of the record contains a real wide selection of instruments; ranging from heavily processed synthesizers to Roland drum machines to zithers to brake drums)</subfield>
  </datafield>
</record>